@article{Leblanc2009,
   author = {Matthieu Leblanc and Rachid Bokreta},
   doi = {10.2139/ssrn.1427334},
   issn = {1556-5068},
   journal = {SSRN Electronic Journal},
   title = {On the Assessment of Financial Crises in the US Equity Market},
   year = {2009},
}